<record><leader>00000cas a22000007a 4500</leader><controlfield tag="001">13172528</controlfield><controlfield tag="008">860219d18831884mtuwr ne      0    0eng d</controlfield><datafield ind1=" " ind2=" " tag="010"><subfield code="a">sn 86075047 </subfield></datafield><datafield ind1=" " ind2=" " tag="040"><subfield code="a">MTL</subfield><subfield code="b">eng</subfield><subfield code="c">MTL</subfield><subfield code="d">SLU</subfield><subfield code="d">OCLCQ</subfield></datafield><datafield ind1=" " ind2=" " tag="042"><subfield code="a">msc</subfield></datafield><datafield ind1="0" ind2="4" tag="245"><subfield code="a">The Butte City union.</subfield></datafield><datafield ind1=" " ind2=" " tag="260"><subfield code="a">Butte City, Mont. :</subfield><subfield code="b">Union Pub. Co.</subfield></datafield><datafield ind1=" " ind2=" " tag="300"><subfield code="a">v. :</subfield><subfield code="b">ill. (chiefly ads.) ;</subfield><subfield code="c">55 cm.</subfield></datafield><datafield ind1=" " ind2=" " tag="310"><subfield code="a">Weekly</subfield></datafield><datafield ind1="1" ind2=" " tag="362"><subfield code="a">Began with Oct. 14?, 1883.</subfield></datafield><datafield ind1="1" ind2=" " tag="362"><subfield code="a">Ceased in spring 1884.</subfield><subfield code="z">Cf. Heuterman, T.H. Movable type.</subfield></datafield><datafield ind1=" " ind2=" " tag="500"><subfield code="a">Editor: Legh Richmond Freeman.</subfield></datafield><datafield ind1=" " ind2=" " tag="588"><subfield code="a">Description based on: Vol. 1, no. 3 (Oct. 28, 1883).</subfield></datafield><datafield ind1=" " ind2=" " tag="752"><subfield code="a">United States</subfield><subfield code="b">Montana</subfield><subfield code="c">Silver Bow</subfield><subfield code="d">Butte.</subfield></datafield><datafield ind1="0" ind2="0" tag="780"><subfield code="t">Union-Freeman</subfield><subfield code="w">(DLC)sn 86075046</subfield></datafield><datafield ind1="0" ind2="0" tag="785"><subfield code="t">Frontier index (Thompson Falls, Mont.)</subfield><subfield code="w">(DLC)sn 86075048</subfield></datafield><datafield ind1="1" ind2=" " tag="029"><subfield code="a">AU@</subfield><subfield code="b">000025801469</subfield></datafield></record>